@misc{Java,
	author={Wikipedia},
  title={{Java (programming language)}},
  howpublished = "\url{https://en.wikipedia.org/wiki/Java_(programming_language)}",
  note = "[Online; 2022]"
}

@misc{SpringBoot,
	author={Azure},
  title={{What is Java Spring Boot?}},
  howpublished = "\url{https://azure.microsoft.com/hu-hu/resources/cloud-computing-dictionary/what-is-java-spring-boot/}",
  note = "[Online; 2022]"
}

@misc{PostgreSQL,
	author={Wikipedia},
  title={{PostgreSQL}},
  howpublished = "\url{https://en.wikipedia.org/wiki/PostgreSQL}",
  note = "[Online; 2022]"
}

@misc{databases,
	author={appinventiv},
  title={{Top 15 best database for web applications to Use in 2022}},
  howpublished = "\url{https://appinventiv.com/blog/top-web-app-database-list/}",
  note = "[Online; 2022]"
}

@misc{Angular,
	author={Angular},
  title={{Angular}},
  howpublished = "\url{https://angular.io/}",
  note = "[Online; 2022]"
}

@misc{Intelij,
	author={Wikipedia},
  title={{IntelliJ IDEA}},
  howpublished = "\url{https://en.wikipedia.org/wiki/IntelliJ_IDEA#History}",
  note = "[Online; 2022]"
}

@misc{Intelij2,
	author={Wikipedia},
  title={{Integrated development environment}},
  howpublished = "\url{https://en.wikipedia.org/wiki/Integrated_development_environment}",
  note = "[Online; 2022]"
}

@misc{VSCode,
	author={visualstudio},
  title={{visualstudio}},
    howpublished = "\url{https://code.visualstudio.com/}",
  note = "[Online; 2022]"
}

@misc{Postman,
	author={Postman},
  title={{Postman}},
    howpublished = "\url{https://www.postman.com/}",
  note = "[Online; 2022]"
}

@misc{PgAdmin,
	author={adservio},
  title={{What is pgAdmin?}},
    howpublished = "\url{https://www.adservio.fr/post/what-is-pgadmin}",
  note = "[Online; 2022]"
}

@misc{JoAuto,
	author={JoAuto},
  title={{JoAuto}},
    howpublished = "\url{https://joautok.hu/hasznaltauto}",
  note = "[Online; 2022]"
}

@misc{Hasznaltauto,
	author={Hasznaltauto},
  title={{Hasznaltauto}},
    howpublished = "\url{https://www.hasznaltauto.hu/}",
  note = "[Online; 2022]"
}

@misc{Arukereso,
	author={Arukereso},
  title={{Arukereso}},
    howpublished = "\url{https://www.arukereso.hu/}",
  note = "[Online; 2022]"
}

@misc{uizard,
	author={uizard},
  title={{uizard}},
    howpublished = "\url{https://app.uizard.io/}",
  note = "[Online; 2022]"
}

@misc{SpringInit,
	author={Spring},
  title={{SpringInitializr}},
    howpublished = "\url{https://start.spring.io/}",
  note = "[Online; 2022]"
}



@misc{SpringSecurity,
	author={baeldung},
  title={{Introduction to Spring Method Security}},
    howpublished = "\url{https://www.baeldung.com/spring-security-method-security}",
  note = "[Online; 2022]"
}

@misc{JWT,
	author={Wikipedia},
  title={{JSON Web Token}},
    howpublished = "\url{https://en.wikipedia.org/wiki/JSON_Web_Token}",
  note = "[Online; 2022]"
}

@misc{JWTexample,
	author={JWT},
  title={{JWT}},
    howpublished = "\url{https://jwt.io/}",
  note = "[Online; 2022]"
}

@misc{Chartjs,
	author={Chart.js},
  title={{Chart.js}},
    howpublished = "\url{https://www.chartjs.org/docs/latest/}",
  note = "[Online; 2022]"
}

@misc{Chartjs2,
	author={W3School},
  title={{Chart.js}},
    howpublished = "\url{https://www.w3schools.com/js/js_graphics_chartjs.asp}",
  note = "[Online; 2022]"
}